@article{afshar2019computational,
  title={Computational Modelling of Glucose Uptake in the Enterocyte},
  author={Afshar, Nima and Safaei, Soroush and Nickerson, David Phillip and Hunter, Peter and Suresh, Vinod},
  journal={Frontiers in Physiology},
  volume={10},
  pages={380},
  year={2019},
  doi = {http://dx.doi.org/10.3389/fphys.2019.00380}
  publisher={Frontiers}
}

@article{zheng2012mechanisms,
  title={Mechanisms of glucose uptake in intestinal cell lines: role of GLUT2},
  author={Zheng, Ye and Scow, Jeffrey S and Duenes, Judith A and Sarr, Michael G},
  journal={Surgery},
  volume={151},
  number={1},
  pages={13--25},
  year={2012},
  publisher={Elsevier}
}

@article{barrett2015electrolyte,
  title={Electrolyte secretion and absorption in the small intestine and colon},
  author={Barrett, Kim E and Keely, Stephen J},
  journal={Yamada's Textbook of Gastroenterology},
  pages={420--449},
  year={2015},
  publisher={Wiley Online Library}
}

@article{cuellar2003overview,
  title={An overview of CellML 1.1, a biological model description language},
  author={Cuellar, Autumn A and Lloyd, Catherine M and Nielsen, Poul F and Bullivant, David P and Nickerson, David P and Hunter, Peter J},
  journal={Simulation},
  volume={79},
  number={12},
  pages={740--747},
  year={2003},
  publisher={Sage Publications}
}

@article{garny2015opencor,
  title={OpenCOR: a modular and interoperable approach to computational biology},
  author={Garny, Alan and Hunter, Peter J},
  journal={Frontiers in physiology},
  volume={6},
  pages={26},
  year={2015},
  publisher={Frontiers}
}

@article{yu2011physiome,
  title={The physiome model repository 2},
  author={Yu, Tommy and Lloyd, Catherine M and Nickerson, David P and Cooling, Michael T and Miller, Andrew K and Garny, Alan and Terkildsen, Jonna R and Lawson, James and Britten, Randall D and Hunter, Peter J and others},
  journal={Bioinformatics},
  volume={27},
  number={5},
  pages={743--744},
  year={2011},
  publisher={Oxford University Press}
}

@article{parent1992electrogenic,
	title={Electrogenic properties of the cloned Na+/glucose cotransporter: II. A transport model under nonrapid equilibrium conditions},
	author={Parent, Lucie and Supplisson, St{\'e}phane and Loo, Donald DF and Wright, Ernest M},
	journal={Journal of Membrane Biology},
	volume={125},
	number={1},
	pages={63--79},
	year={1992},
	publisher={Springer}
}

@article{thorsen2014transepithelial,
	title={Transepithelial glucose transport and Na+/K+ homeostasis in enterocytes: an integrative model},
	author={Thorsen, Kristian and Drengstig, Tormod and Ruoff, Peter},
	journal={American Journal of Physiology-Cell Physiology},
	volume={307},
	number={4},
	pages={C320--C337},
	year={2014},
	publisher={Am Physiological Soc}
}

@article{pradhan2013carrier,
	title={Carrier-mediated transport through biomembranes},
	author={Pradhan, Ranjan K and Vinnakota, Kalyan C and Beard, Daniel A and Dash, Ranjan K},
	journal={Transport in Biological Media},
	pages={181--212},
	year={2013},
	publisher={Elsevier Boston}
}

@article{weinstein1995kinetically,
	title={A kinetically defined Na+/H+ antiporter within a mathematical model of the rat proximal tubule.},
	author={Weinstein, Alan M},
	journal={The Journal of general physiology},
	volume={105},
	number={5},
	pages={617--641},
	year={1995},
	publisher={Rockefeller University Press}
}

@article{weinstein2000mathematical,
	title={A mathematical model of the outer medullary collecting duct of the rat},
	author={Weinstein, Alan M},
	journal={American Journal of Physiology-Renal Physiology},
	volume={279},
	number={1},
	pages={F24--F45},
	year={2000},
	publisher={Am Physiological Soc}
}

@article{fong2016computational,
	title={Computational modeling of epithelial fluid and ion transport in the parotid duct after transfection of human aquaporin-1},
	author={Fong, Shelley and Chiorini, John A and Sneyd, James and Suresh, Vinod},
	journal={American Journal of Physiology-Gastrointestinal and Liver Physiology},
	volume={312},
	number={2},
	pages={G153--G163},
	year={2016},
	publisher={American Physiological Society Bethesda, MD}
}

@article{ostby2009astrocytic,
	title={Astrocytic mechanisms explaining neural-activity-induced shrinkage of extraneuronal space},
	author={{\O}stby, Ivar and {\O}yehaug, Leiv and Einevoll, Gaute T and Nagelhus, Erlend A and Plahte, Erik and Zeuthen, Thomas and Lloyd, Catherine M and Ottersen, Ole P and Omholt, Stig W},
	journal={PLoS Comput Biol},
	volume={5},
	number={1},
	pages={e1000272},
	year={2009},
	publisher={Public Library of Science}
}

@article{palk2010dynamic,
	title={A dynamic model of saliva secretion},
	author={Palk, Laurence and Sneyd, James and Shuttleworth, Trevor J and Yule, David I and Crampin, Edmund J},
	journal={Journal of theoretical biology},
	volume={266},
	number={4},
	pages={625--640},
	year={2010},
	publisher={Elsevier}
}


